<record><leader>00000cas a2200000 a 4500</leader><controlfield tag="001">11686084</controlfield><controlfield tag="008">850212d18911891ksuwr ne      0   a0eng d</controlfield><datafield ind1=" " ind2=" " tag="010"><subfield code="a">sn 85029047 </subfield></datafield><datafield ind1=" " ind2=" " tag="040"><subfield code="a">KSH</subfield><subfield code="b">eng</subfield><subfield code="c">KSH</subfield><subfield code="d">NPT</subfield><subfield code="d">OCL</subfield><subfield code="d">OCLCQ</subfield></datafield><datafield ind1=" " ind2=" " tag="042"><subfield code="a">msc</subfield></datafield><datafield ind1="0" ind2="4" tag="245"><subfield code="a">The Soldier City clipper.</subfield></datafield><datafield ind1=" " ind2=" " tag="260"><subfield code="a">Soldier, Kan. :</subfield><subfield code="b">Ben L. and Minnie M. Mickel,</subfield><subfield code="c">1891.</subfield></datafield><datafield ind1=" " ind2=" " tag="300"><subfield code="a">1 v. ;</subfield><subfield code="c">50 cm.</subfield></datafield><datafield ind1=" " ind2=" " tag="310"><subfield code="a">Weekly</subfield></datafield><datafield ind1="0" ind2=" " tag="362"><subfield code="a">Vol. 1, no. 1 (Jan. 15, 1891)-v. 1, no. 39 (Oct. 8, 1891).</subfield></datafield><datafield ind1=" " ind2=" " tag="752"><subfield code="a">United States</subfield><subfield code="b">Kansas</subfield><subfield code="c">Jackson</subfield><subfield code="d">Soldier.</subfield></datafield><datafield ind1="0" ind2="0" tag="785"><subfield code="t">Clipper (Soldier, Kan.)</subfield><subfield code="w">(DLC)sn 85029048</subfield></datafield></record>